@misc{im,
	title="instant messaging | communication | Britannica [Электронный ресурс]",
	howpublished="Режим доступа: \url{https://www.britannica.com/topic/instant-messaging} (дата обращения: 24.12.2021)"
}

@misc{ddp,
	title="meteor/DDP.md at devel · meteor/meteor [Электронный ресурс]",
	howpublished="Режим доступа: \url{https://github.com/meteor/meteor/blob/devel/packages/ddp/DDP.md} (дата обращения: 24.12.2021)"
}

@misc{pubsub,
	title="Шаблон издателя и подписчика - Azure Architecture Center | Microsoft Docs [Электронный ресурс]",
	howpublished="Режим доступа: \url{https://docs.microsoft.com/ru-ru/azure/architecture/patterns/publisher-subscriber} (дата обращения: 24.12.2021)"
}

@misc{irc,
	title="What is IRC (Internet Relay Chat)? [Электронный ресурс]",
	howpublished="Режим доступа: \url{https://mason.gmu.edu/~montecin/IRC.html} (дата обращения: 24.12.2021)"
}

@misc{matrix,
	title="Matrix.org [Электронный ресурс]",
	howpublished="Режим доступа: \url{https://matrix.org} (дата обращения: 24.12.2021)"
}

@misc{xmpp,
	title="XMPP | The universal messaging standard  [Электронный ресурс]",
	howpublished="Режим доступа: \url{https://xmpp.org} (дата обращения: 24.12.2021)"
}

@misc{clichat,
	title="ehrenjn/cli-chat: A basic command line chat program for linux and windows written in python [Электронный ресурс]",
	howpublished="Режим доступа: \url{https://github.com/ehrenjn/cli-chat} (дата обращения: 24.12.2021)"
}

@misc{goclichat,
	title="Luqqk/go-cli-chat: Chat server and command line interface client (CLI) written in Go. [Электронный ресурс]",
	howpublished="Режим доступа: \url{https://github.com/Luqqk/go-cli-chat} (дата обращения: 24.12.2021)"
}

@misc{crio,
	title="Crio Projects - CLI Based Chat Tool | Crio.Do | Project-Based Learning Platform for Developers [Электронный ресурс]",
	howpublished="Режим доступа: \url{https://www.crio.do/projects/python-cli-chat/} (дата обращения: 24.12.2021)"
}

@misc{chattt,
	title="Introducing Chattt - an open source CLI chat client — Steemit [Электронный ресурс]",
	howpublished="Режим доступа: \url{https://steemit.com/utopian-io/@the-dragon/introducing-chattt-an-open-source-cli-chat-client} (дата обращения: 24.12.2021)"
}

@misc{golang,
	title="The Go Programming Language [Электронный ресурс]",
	howpublished="Режим доступа: \url{https://golang.org/} (дата обращения: 24.12.2021)"
}

@misc{gocui,
	title="jroimartin/gocui: Minimalist Go package aimed at creating Console User Interfaces. [Электронный ресурс]",
	howpublished="Режим доступа: \url{https://github.com/jroimartin/gocui} (дата обращения: 24.12.2021)"
}

@misc{redis,
	title="Redis [Электронный ресурс]",
	howpublished="Режим доступа: \url{https://redis.io/} (дата обращения: 24.12.2021)"
}

@misc{redispubsub,
	title="Pub/Sub - Redis [Электронный ресурс]",
	howpublished="Режим доступа: \url{https://redis.io/topics/pubsub} (дата обращения: 24.12.2021)"
}